@article{IlicRowe1,
	author =       {Dragan Ilic and Nicholas Rowe},
	title =        {What is the evidence that poster presentations are effective in promoting knowledge transfer? A state of the art review},
	journal =      {Health Information and Libraries Journal},
	volume =       {30},
	issue =        {1},
	pages =        {4--12},
	year =         {2013},
	DOI =          {https://onlinelibrary.wiley.com/doi/10.1111/hir.12015}
},
@article{Arslan,
	author =       {D Arslan and T Koca and D Tastekin and H Basaran and H Bozcuk},
	title =        {Impact of poster presentations on academic knowledge transfer from the oncologist perspective in Turkey},
	journal =      {Asian Pacific journal of cancer prevention : APJCP},
	volume =       {15},
	issue =        {18},
	pages =        {7707–-7711},
	year =         {2014},
	DOI =          {https://doi.org/10.7314/apjcp.2014.15.18.7707}
},
@article{goodhand,
	title = {Poster presentations at medical conferences: an effective way of disseminating research?},
	journal = {Clinical Medicine},
	volume = {11},
	number = {2},
	pages = {138-141},
	year = {2011},
	issn = {1470-2118},
	doi = {https://doi.org/10.7861/clinmedicine.11-2-138},
	url = {https://www.sciencedirect.com/science/article/pii/S1470211824053624},
	author = {JR Goodhand and CL Giles and M Wahed and PM Irving and L Langmead and DS Rampton},
},
@article{Erren,
	doi = {10.1371/journal.pcbi.0030102},
	author = {Erren, Thomas C AND Bourne, Philip E},
	journal = {PLOS Computational Biology},
	publisher = {Public Library of Science},
	title = {Ten Simple Rules for a Good Poster Presentation},
	year = {2007},
	month = {05},
	volume = {3},
	url = {https://doi.org/10.1371/journal.pcbi.0030102},
	pages = {1-2},
	abstract = {null},
	number = {5},
},
@article{Dale,
	author = {Dale, Virginia H. and Kline, Keith L.},
	title = {Interactive posters: A valuable means of enhancing communication and learning about productive paths toward sustainable bioenergy},
	journal = {Biofuels, Bioproducts and Biorefining},
	volume = {11},
	number = {2},
	pages = {243-246},
	doi = {https://doi.org/10.1002/bbb.1753},
	url = {https://scijournals.onlinelibrary.wiley.com/doi/abs/10.1002/bbb.1753},
	eprint = {https://scijournals.onlinelibrary.wiley.com/doi/pdf/10.1002/bbb.1753},
	year = {2017}
},
@article{Mabrouk,
	author = {Mabrouk, Patricia Ann and Schelble, Susan M.},
	title = {Interactive Poster Survey Study of ACS Members’ Knowledge and Needs on Research Ethics},
	journal = {Journal of Chemical Education},
	volume = {95},
	number = {6},
	pages = {954-961},
	year = {2018},
	doi = {10.1021/acs.jchemed.7b00867},
	URL = {https://doi.org/10.1021/acs.jchemed.7b00867},
	eprint = {https://doi.org/10.1021/acs.jchemed.7b00867}	
},
@article{Sumantri,
	author = {Sumantri, Pulung and Nababan, Suya and Sumanti, Solihah and Tanjung, Yushar and Jali, Jafalizan},
	year = {2024},
	month = {06},
	pages = {41},
	title = {Effectiveness Of Use Of Interactive E-Poster History Learning Media In Increasing History Awareness},
	volume = {30},
	journal = {Jurnal Ilmu Pendidikan},
	doi = {10.17977/um048v30i1p40-47}
},
@article{Angelo,
	title={From posters to e-posters: the evolution of a genre},
	author={D’Angelo, Larissa and others},
	journal={Language},
	volume={4},
	pages={46--54},
	year={2012},
	url={https://www.reading.ac.uk/elal/-/media/project/uor-main/schools-departments/elal/lswp/lswp-4/elal_lswp_vol_4_dangelo1.pdf}
},
@article{Yuanyuan,
	title={iPoster: Interactive Poster Generation based on Topic Structure and Slide Presentation},
	author={Yuanyuan Wang and Yukiko Kawai and Kazutoshi Sumiya},
	journal={Information and Media Technologies},
	volume={10},
	number={1},
	pages={145-156},
	year={2015},
	doi={10.11185/imt.10.145}
},
@article{IlicRowe2,
	author = {Rowe, Nicholas and Ilic, Dragan},
	title = {Rethinking poster presentations at large-scale scientific meetings – is it time for the format to evolve?},
	journal = {The FEBS Journal},
	volume = {282},
	number = {19},
	pages = {3661-3668},
	doi = {https://doi.org/10.1111/febs.13383},
	url = {https://febs.onlinelibrary.wiley.com/doi/abs/10.1111/febs.13383},
	eprint = {https://febs.onlinelibrary.wiley.com/doi/pdf/10.1111/febs.13383},
	year = {2015}
},
@inproceedings{Rowe,
	author = {Rowe, Nicholas},
	year = {2009},
	month = {05},
	pages = {},
	title = {Hyper-linking Academic Posters: delivering the MediaPoster}
},
@online{Zaf,
	author = {Steve Zafeiriou},
	title = {ESP32 Microcontroller Interactive Art: How “Choice” Translates Movement into Generative Art},
	url = {https://stevezafeiriou.com/esp32-microcontroller-interactive-art/}
},
@article{Wong,
	author = {Wong, Lok and Shimojo, Shinji and Teranishi, Yuuichi and Yoshihisa, Tomoki and Haga, Jason},
	year = {2015},
	month = {09},
	pages = {},
	title = {Interactive Museum Exhibits with Microcontrollers: A Use-Case Scenario},
	doi = {10.48550/arXiv.1509.07626}
},
@online{powerspeck,
	url={https://github.com/eried/PowerSpeck}
},
@online{pipresentation,
	url={https://www.instructables.com/Raspberry-Pi-Presentation-Machine-With-Remote-Cont/}
},
@inproceedings{paperpixels,
	author = {Peiris, Roshan Lalintha and Nanayakkara, Suranga},
	title = {PaperPixels: a toolkit to create paper-based displays},
	year = {2014},
	isbn = {9781450306539},
	publisher = {Association for Computing Machinery},
	url = {https://doi.org/10.1145/2686612.2686691},
	doi = {10.1145/2686612.2686691},
	booktitle = {Proceedings of the 26th Australian Computer-Human Interaction Conference on Designing Futures: The Future of Design},
	pages = {498–504},
	numpages = {7},
	keywords = {DIY, paper display, peltier, thermochromic, toolkit},
	location = {Sydney, New South Wales, Australia},
	series = {OzCHI '14}
},
@inproceedings{illumipaper,
	author = {Klamka, Konstantin and Dachselt, Raimund},
	title = {IllumiPaper: Illuminated Interactive Paper},
	year = {2017},
	isbn = {9781450346559},
	publisher = {Association for Computing Machinery},
	url = {https://doi.org/10.1145/3025453.3025525},
	doi = {10.1145/3025453.3025525},
	booktitle = {Proceedings of the 2017 CHI Conference on Human Factors in Computing Systems},
	pages = {5605–5618},
	numpages = {14},
	keywords = {visual feedback, thin-film display, pen interaction, electro-luminescence, digital pen and paper, augmented paper, anoto},
	location = {Denver, Colorado, USA},
	series = {CHI '17}
},
@online{interactivepaper,
	url={https://www.interactivepaper.com/}
},
@inproceedings{Sahronih,
	author = {Sahronih, Siti and Purwanto, Agung and Sumantri, M. Syarif},
	title = {The Effect of Interactive Learning Media on Students' Science Learning Outcomes},
	year = {2019},
	isbn = {9781450366397},
	publisher = {Association for Computing Machinery},
	address = {New York, NY, USA},
	url = {https://doi.org/10.1145/3323771.3323797},
	doi = {10.1145/3323771.3323797},
	booktitle = {Proceedings of the 2019 7th International Conference on Information and Education Technology},
	pages = {20–24},
	numpages = {5},
	keywords = {Science Learning Outcomes, Interactive Learning Media, Effect Size},
	location = {Aizu-Wakamatsu, Japan},
	series = {ICIET 2019}
},
@article{Groccia,
	author = {Groccia, James E.},
	title = {What Is Student Engagement?},
	journal = {New Directions for Teaching and Learning},
	volume = {2018},
	number = {154},
	pages = {11-20},
	doi = {https://doi.org/10.1002/tl.20287},
	url = {https://onlinelibrary.wiley.com/doi/abs/10.1002/tl.20287},
	eprint = {https://onlinelibrary.wiley.com/doi/pdf/10.1002/tl.20287},
	abstract = {Abstract This chapter reviews the history and various definitions of student engagement and proposes a multidimensional model from which one can develop a variety of engagement opportunities that lead to a rich and challenging higher education experience.},
	year = {2018}
},
@article{Steinert,
	author = {Yvonne Steinert, Linda S. Snell},
	title = {Interactive lecturing: strategies for increasing participation in large group presentations},
	journal = {Medical Teacher},
	volume = {21},
	number = {1},
	pages = {37--42},
	year = {1999},
	publisher = {Taylor \& Francis},
	doi = {10.1080/01421599980011}
},
@article{Sahronih2,
	title={The effect of use interactive learning media environment-based and learning motivation on science learning outcomes},
	author={Sahronih, Siti and Purwanto, Agung and Sumantri, M Syarif},
	journal={International Journal for Educational and Vocational Studies},
	volume={2},
	number={3},
	pages={1--5},
	year={2020}
},

@article{Soon,
	 author = {Soon, Charlene S. L. and {Tudor Car}, Lorainne and Ng, Chirk Jenn and Tan, Ngiap Chuan and Smith, Helen},
	 year = {2022},
	 title = {What Is the Utility of Posters? Qualitative Study of Participants at a Regional Primary Healthcare Conference in Asia},
	 pages = {1405--1412},
	 volume = {32},
	 number = {6},
	 journal = {Medical science educator},
	 doi = {10.1007/s40670-022-01657-z}
},


@article{IlicRowe3,
	author = {Rowe, Nicholas and Ilic, Dragan},
	year = {2011},
	title = {Poster presentation - a visual medium for academic and scientific meetings},
	pages = {208--213},
	volume = {12},
	number = {3},
	journal = {Paediatric respiratory reviews},
	doi = {10.1016/j.prrv.2011.01.011}
},
@article{IlicRowe4,
	author = {Rowe, Nicholas and Ilic, Dragan},
	year = {2009},
	title = {What impact do posters have on academic knowledge transfer? A pilot survey on author attitudes and experiences},
	pages = {71},
	volume = {9},
	journal = {BMC medical education},
	doi = {10.1186/1472-6920-9-71}
},
@article{Newsom.2021,
	author = {Newsom, Lydia C. and Miller, Susan W. and Chesson, Melissa},
	year = {2021},
	title = {Use of Digital vs Printed Posters for Teaching and Learning in Pharmacy Education},
	volume = {85},
	number = {6},
	issn = {0002-9459},
	journal = {American Journal of Pharmaceutical Education},
	doi = {10.5688/ajpe8307}
},
@article{Venkatesan.2019,
	author = {Venkatesan, Mythreye and Coskun, Ahmet F.},
	year = {2019},
	title = {Digital posters for interactive cellular media and bioengineering education},
	pages = {455},
	volume = {2},
	issn = {2399-3642},
	journal = {Communications biology},
	doi = {10.1038/s42003-019-0702-1}
},
@article{Simone.2001,
	author = {de Simone, Raffaele and Rodrian, J{\"o}rg and Osswald, Brigitte and Sack, Falk-Udo and de Simone, Eliana and Hagl, Siegfried},
	year = {2001},
	title = {Initial experience with a new communication tool: the `Digital Interactive Poster Presentation'},
	pages = {953--955},
	volume = {19},
	number = {6},
	issn = {1010-7940},
	journal = {European Journal of Cardio-Thoracic Surgery},
	doi = {10.1016/S1010-7940(01)00694-7}
}













